<?xml version="1.0" encoding="utf-8" ?>
<collection xmlns="http://www.loc.gov/MARC21/slim" >
	<record type="Bibliographic">
		<leader>     cam a22     4  4500</leader>
		<controlfield tag="001">275037266</controlfield>
		<controlfield tag="003">CHVBK</controlfield>
		<controlfield tag="005">20140911054831.0</controlfield>
		<controlfield tag="008">130818s2002    gw            00    ger  </controlfield>
		<datafield tag="015" ind1=" " ind2=" ">
			<subfield code="a">GFR-DNB-02,A20,1380</subfield>
		</datafield>
		<datafield tag="020" ind1=" " ind2=" ">
			<subfield code="a">3-8270-0454-3</subfield>
		</datafield>
		<datafield tag="035" ind1=" " ind2=" ">
			<subfield code="a">(SGBN)000398766</subfield>
		</datafield>
		<datafield tag="035" ind1=" " ind2=" ">
			<subfield code="a">(RERO)R004925456</subfield>
		</datafield>
		<datafield tag="035" ind1=" " ind2=" ">
			<subfield code="a">(NEBIS)004359494</subfield>
		</datafield>
		<datafield tag="035" ind1=" " ind2=" ">
			<subfield code="a">(IDSLU)000230189</subfield>
		</datafield>
		<datafield tag="035" ind1=" " ind2=" ">
			<subfield code="a">(SNL)vtls001319909</subfield>
		</datafield>
		<datafield tag="035" ind1=" " ind2=" ">
			<subfield code="a">(IDSBB)002508090</subfield>
		</datafield>
		<datafield tag="035" ind1=" " ind2=" ">
			<subfield code="a">(Sz)001319909</subfield>
		</datafield>
		<datafield tag="040" ind1=" " ind2=" ">
			<subfield code="a">SGBN SGKBV</subfield>
		</datafield>
		<datafield tag="072" ind1=" " ind2="7">
			<subfield code="a">s1an</subfield>
			<subfield code="2">rero</subfield>
		</datafield>
		<datafield tag="084" ind1=" " ind2=" ">
			<subfield code="a">HN 9990</subfield>
			<subfield code="2">rvk</subfield>
		</datafield>
		<datafield tag="100" ind1="1" ind2=" ">
			<subfield code="a">Maar</subfield>
			<subfield code="D">Michael</subfield>
		</datafield>
		<datafield tag="245" ind1="1" ind2="0">
			<subfield code="a">Warum Nabokov Harry Potter gemocht hätte</subfield>
			<subfield code="c">Michael Maar</subfield>
		</datafield>
		<datafield tag="260" ind1=" " ind2=" ">
			<subfield code="a">Berlin</subfield>
			<subfield code="b">Berlin Verlag</subfield>
			<subfield code="c">2002</subfield>
		</datafield>
		<datafield tag="300" ind1=" " ind2=" ">
			<subfield code="a">185 S</subfield>
			<subfield code="c">21 cm</subfield>
		</datafield>
		<datafield tag="600" ind1="1" ind2="7">
			<subfield code="a">Rowling, Joanne K.</subfield>
			<subfield code="t">Harry Potter</subfield>
			<subfield code="2">idszbz</subfield>
		</datafield>
		<datafield tag="600" ind1="1" ind2="7">
			<subfield code="a">Rowling, Joanne K.</subfield>
			<subfield code="d">1965-</subfield>
			<subfield code="t">Harry Potter</subfield>
			<subfield code="0">(DE-588)4629916-6</subfield>
			<subfield code="2">gnd</subfield>
		</datafield>
		<datafield tag="600" ind1="1" ind2="7">
			<subfield code="a">Rowling, Joanne K.</subfield>
			<subfield code="x">Harry Potter</subfield>
			<subfield code="2">idsbb</subfield>
		</datafield>
		<datafield tag="650" ind1=" " ind2="7">
			<subfield code="a">Literatur</subfield>
			<subfield code="0">(DE-588)4035964-5</subfield>
			<subfield code="2">gnd</subfield>
		</datafield>
		<datafield tag="650" ind1=" " ind2="7">
			<subfield code="a">Literarische Gestalt</subfield>
			<subfield code="0">(DE-588)4140220-0</subfield>
			<subfield code="2">gnd</subfield>
		</datafield>
		<datafield tag="690" ind1=" " ind2="7">
			<subfield code="B">p</subfield>
			<subfield code="a">Rowling, Joanne K</subfield>
			<subfield code="2">sgbn S</subfield>
		</datafield>
		<datafield tag="690" ind1=" " ind2="7">
			<subfield code="B">u</subfield>
			<subfield code="a">Harry Potter (Literarische Gestalt)</subfield>
			<subfield code="2">idszbz ZB</subfield>
		</datafield>
		<datafield tag="690" ind1=" " ind2="7">
			<subfield code="B">u</subfield>
			<subfield code="a">Rowling, Joanne K. / Harry Potter</subfield>
			<subfield code="x">Literaturkritik</subfield>
			<subfield code="2">nebis E4</subfield>
		</datafield>
		<datafield tag="690" ind1=" " ind2="7">
			<subfield code="B">u</subfield>
			<subfield code="a">Phantastische Kinderliteratur</subfield>
			<subfield code="x">Literaturkritik</subfield>
			<subfield code="2">nebis E4</subfield>
		</datafield>
		<datafield tag="690" ind1=" " ind2="7">
			<subfield code="B">u</subfield>
			<subfield code="a">Literaturkritik</subfield>
			<subfield code="x">Phantastische Kinderliteratur</subfield>
			<subfield code="2">nebis E4</subfield>
		</datafield>
		<datafield tag="690" ind1=" " ind2="7">
			<subfield code="B">u</subfield>
			<subfield code="a">Phantastik</subfield>
			<subfield code="2">idsuzh VV</subfield>
		</datafield>
		<datafield tag="690" ind1=" " ind2="7">
			<subfield code="B">u</subfield>
			<subfield code="a">Kinderliteratur / Kinderzeitschriften: einzelne AutorInnen</subfield>
			<subfield code="2">idsuzh VV</subfield>
		</datafield>
		<datafield tag="690" ind1=" " ind2="7">
			<subfield code="B">u</subfield>
			<subfield code="a">Bestseller</subfield>
			<subfield code="2">idsuzh VV</subfield>
		</datafield>
		<datafield tag="691" ind1=" " ind2="7">
			<subfield code="B">u</subfield>
			<subfield code="u">17/42</subfield>
			<subfield code="2">idszbz ZB</subfield>
		</datafield>
		<datafield tag="691" ind1=" " ind2="7">
			<subfield code="B">u</subfield>
			<subfield code="u">HN 9990</subfield>
			<subfield code="a">Sonstige</subfield>
			<subfield code="2">idslu LY</subfield>
		</datafield>
		<datafield tag="691" ind1=" " ind2="7">
			<subfield code="B">u</subfield>
			<subfield code="u">HN 9990</subfield>
			<subfield code="2">idslu LX</subfield>
		</datafield>
		<datafield tag="909" ind1=" " ind2="7">
			<subfield code="a">zbzmon200209f</subfield>
			<subfield code="c">meyr</subfield>
			<subfield code="d">zbzswk200209b</subfield>
			<subfield code="e">stor</subfield>
			<subfield code="2">idszbz Z2</subfield>
		</datafield>
		<datafield tag="909" ind1=" " ind2="7">
			<subfield code="a">max2b NL200206</subfield>
			<subfield code="2">idslu L1</subfield>
		</datafield>
		<datafield tag="912" ind1=" " ind2="7">
			<subfield code="a">ed</subfield>
			<subfield code="2">SGBN</subfield>
		</datafield>
		<datafield tag="912" ind1=" " ind2="7">
			<subfield code="a">M365</subfield>
			<subfield code="2">Z01</subfield>
		</datafield>
		<datafield tag="912" ind1=" " ind2="7">
			<subfield code="a">E45sek</subfield>
			<subfield code="2">E45-20031107</subfield>
		</datafield>
		<datafield tag="912" ind1=" " ind2="7">
			<subfield code="a">530</subfield>
			<subfield code="2">IDS LU</subfield>
		</datafield>
		<datafield tag="912" ind1=" " ind2="7">
			<subfield code="a">nd</subfield>
		</datafield>
		<datafield tag="912" ind1=" " ind2="7">
			<subfield code="a">ln</subfield>
		</datafield>
		<datafield tag="950" ind1=" " ind2=" ">
			<subfield code="B">SGBN</subfield>
			<subfield code="P">100</subfield>
			<subfield code="E">1-</subfield>
			<subfield code="a">Maar</subfield>
			<subfield code="D">Michael</subfield>
		</datafield>
		<datafield tag="950" ind1=" " ind2=" ">
			<subfield code="B">RERO</subfield>
			<subfield code="P">100</subfield>
			<subfield code="E">1-</subfield>
			<subfield code="a">Maar</subfield>
			<subfield code="D">Michael</subfield>
			<subfield code="d">1960-</subfield>
		</datafield>
		<datafield tag="950" ind1=" " ind2=" ">
			<subfield code="B">NEBIS</subfield>
			<subfield code="P">100</subfield>
			<subfield code="E">1-</subfield>
			<subfield code="a">Maar</subfield>
			<subfield code="D">Michael</subfield>
		</datafield>
		<datafield tag="950" ind1=" " ind2=" ">
			<subfield code="B">IDSLU</subfield>
			<subfield code="P">100</subfield>
			<subfield code="E">1-</subfield>
			<subfield code="a">Maar</subfield>
			<subfield code="D">Michael</subfield>
		</datafield>
		<datafield tag="950" ind1=" " ind2=" ">
			<subfield code="B">SNL</subfield>
			<subfield code="P">100</subfield>
			<subfield code="E">1-</subfield>
			<subfield code="a">Maar</subfield>
			<subfield code="D">Michael</subfield>
		</datafield>
		<datafield tag="950" ind1=" " ind2=" ">
			<subfield code="B">IDSBB</subfield>
			<subfield code="P">100</subfield>
			<subfield code="E">1-</subfield>
			<subfield code="a">Maar</subfield>
			<subfield code="D">Michael</subfield>
		</datafield>
		<datafield tag="986" ind1=" " ind2=" ">
			<subfield code="a">SWISSBIB</subfield>
			<subfield code="b">248632353</subfield>
		</datafield>
		<datafield tag="898" ind1=" " ind2=" ">
			<subfield code="a">BK020000</subfield>
			<subfield code="b">XK020000</subfield>
		</datafield>
		<datafield tag="956" ind1="4" ind2=" ">
			<subfield code="B">NEBIS</subfield>
			<subfield code="C">EAD50</subfield>
			<subfield code="D">EBI01</subfield>
			<subfield code="a">E45</subfield>
			<subfield code="u">http://opac.nebis.ch:80/F?func=service&amp;doc_library=EBI01&amp;local_base=EBI01&amp;doc_number=004359494&amp;line_number=0001&amp;func_code=DB_RECORDS&amp;service_type=MEDIA</subfield>
			<subfield code="y">Titelblatt und Inhaltsverzeichnis</subfield>
			<subfield code="x">VIEW</subfield>
			<subfield code="f">E45_004359494_TB-Inhalt_002003936.pdf</subfield>
			<subfield code="q">pdf</subfield>
		</datafield>
		<datafield tag="956" ind1="4" ind2=" ">
			<subfield code="B">IDSBB</subfield>
			<subfield code="C">DSV51</subfield>
			<subfield code="D">DSV01</subfield>
			<subfield code="a">B400</subfield>
			<subfield code="u">http://www.ub.unibas.ch/tox/IDSBB/002508090/PDF</subfield>
			<subfield code="q">pdf</subfield>
			<subfield code="x">VIEW</subfield>
			<subfield code="y">Inhaltsverzeichnis</subfield>
		</datafield>
		<datafield tag="956" ind1="4" ind2=" ">
			<subfield code="B">IDSLU</subfield>
			<subfield code="C">ILU50</subfield>
			<subfield code="D">ILU01</subfield>
			<subfield code="a">LUZHB</subfield>
			<subfield code="u">http://www.ub.unibas.ch/tox/IDSBB/002508090/PDF</subfield>
			<subfield code="q">pdf</subfield>
			<subfield code="x">VIEW</subfield>
			<subfield code="y">Inhaltsverzeichnis</subfield>
		</datafield>
		<datafield tag="949" ind1=" " ind2=" ">
			<subfield code="B">SNL</subfield>
			<subfield code="E">vtls001319909</subfield>
			<subfield code="F">NB001</subfield>
			<subfield code="b">NB001</subfield>
			<subfield code="j">N 256283</subfield>
			<subfield code="c">NB10010</subfield>
			<subfield code="p">1901274462</subfield>
			<subfield code="4">100</subfield>
		</datafield>
		<datafield tag="949" ind1=" " ind2=" ">
			<subfield code="B">NEBIS</subfield>
			<subfield code="C">EAD50</subfield>
			<subfield code="D">EBI01</subfield>
			<subfield code="E">004359494</subfield>
			<subfield code="F">E45</subfield>
			<subfield code="b">E45</subfield>
			<subfield code="j">081 MAA</subfield>
			<subfield code="p">04500003128341</subfield>
			<subfield code="q">004359494</subfield>
			<subfield code="r">000010</subfield>
			<subfield code="0">SIKJM (Zürich)</subfield>
			<subfield code="3">BOOK</subfield>
			<subfield code="4">11</subfield>
			<subfield code="5">Ausleihe 4 Wochen</subfield>
		</datafield>
		<datafield tag="949" ind1=" " ind2=" ">
			<subfield code="B">NEBIS</subfield>
			<subfield code="C">UZH50</subfield>
			<subfield code="D">EBI01</subfield>
			<subfield code="E">004359494</subfield>
			<subfield code="F">UPHZH</subfield>
			<subfield code="b">UPHZH</subfield>
			<subfield code="c">ULFHG</subfield>
			<subfield code="j">DX 1061 R884 M1</subfield>
			<subfield code="p">UM470948</subfield>
			<subfield code="q">000772913</subfield>
			<subfield code="r">000010</subfield>
			<subfield code="0">PHZH (Zürich)</subfield>
			<subfield code="1">Stockwerk G - frei zugänglich</subfield>
			<subfield code="2">0</subfield>
			<subfield code="3">BOOK</subfield>
			<subfield code="4">11</subfield>
			<subfield code="5">Ausleihe 4 Wochen</subfield>
		</datafield>
		<datafield tag="949" ind1=" " ind2=" ">
			<subfield code="B">NEBIS</subfield>
			<subfield code="C">UZH50</subfield>
			<subfield code="D">EBI01</subfield>
			<subfield code="E">004359494</subfield>
			<subfield code="F">UVK</subfield>
			<subfield code="b">UVK</subfield>
			<subfield code="j">S 2.4:146</subfield>
			<subfield code="p">UM211211</subfield>
			<subfield code="q">000772913</subfield>
			<subfield code="r">000020</subfield>
			<subfield code="0">UZH-VK (Zürich)</subfield>
			<subfield code="3">BOOK</subfield>
			<subfield code="4">11</subfield>
			<subfield code="5">Ausleihe 4 Wochen</subfield>
		</datafield>
		<datafield tag="949" ind1=" " ind2=" ">
			<subfield code="B">NEBIS</subfield>
			<subfield code="C">ZAD50</subfield>
			<subfield code="D">EBI01</subfield>
			<subfield code="E">004359494</subfield>
			<subfield code="F">Z01</subfield>
			<subfield code="b">Z01</subfield>
			<subfield code="c">02</subfield>
			<subfield code="j">GL 84810</subfield>
			<subfield code="p">ZM00301823</subfield>
			<subfield code="q">004359494</subfield>
			<subfield code="r">000010</subfield>
			<subfield code="0">ZB (Zürich)</subfield>
			<subfield code="1">Freihand 02</subfield>
			<subfield code="3">BOOK</subfield>
			<subfield code="4">11</subfield>
			<subfield code="5">Ausleihe 4 Wochen</subfield>
		</datafield>
		<datafield tag="949" ind1=" " ind2=" ">
			<subfield code="B">RERO</subfield>
			<subfield code="E">R004925456</subfield>
			<subfield code="F">RE01001</subfield>
			<subfield code="b">RE01001</subfield>
			<subfield code="c">RE010010001</subfield>
			<subfield code="j">- -</subfield>
			<subfield code="p">RERO-12430691</subfield>
			<subfield code="4">2820</subfield>
		</datafield>
		<datafield tag="949" ind1=" " ind2=" ">
			<subfield code="B">RERO</subfield>
			<subfield code="E">R004925456</subfield>
			<subfield code="F">RE11002</subfield>
			<subfield code="b">RE11002</subfield>
			<subfield code="c">RE110020001</subfield>
			<subfield code="j">820 ROWL</subfield>
			<subfield code="p">1010492871</subfield>
		</datafield>
		<datafield tag="949" ind1=" " ind2=" ">
			<subfield code="B">IDSBB</subfield>
			<subfield code="C">DSV51</subfield>
			<subfield code="D">DSV01</subfield>
			<subfield code="E">002508090</subfield>
			<subfield code="F">A100</subfield>
			<subfield code="b">A100</subfield>
			<subfield code="c">100FM</subfield>
			<subfield code="j">Ap II 8573</subfield>
			<subfield code="p">A1001181028</subfield>
			<subfield code="q">002508110</subfield>
			<subfield code="r">000020</subfield>
			<subfield code="x">k/02/Labyrinth / NELA1000205</subfield>
			<subfield code="0">Basel UB</subfield>
			<subfield code="1">Freihandmagazin</subfield>
			<subfield code="3">BOOK</subfield>
			<subfield code="4">11</subfield>
			<subfield code="5">Heimausleihe</subfield>
		</datafield>
		<datafield tag="949" ind1=" " ind2=" ">
			<subfield code="B">IDSBB</subfield>
			<subfield code="C">DSV51</subfield>
			<subfield code="D">DSV01</subfield>
			<subfield code="E">002508090</subfield>
			<subfield code="F">B400</subfield>
			<subfield code="b">B400</subfield>
			<subfield code="c">400K4</subfield>
			<subfield code="j">ZB RAA 71188</subfield>
			<subfield code="p">BM0386417</subfield>
			<subfield code="q">002508110</subfield>
			<subfield code="r">000010</subfield>
			<subfield code="x">NELB4000205</subfield>
			<subfield code="0">Bern UB ZB</subfield>
			<subfield code="1">vonRoll Speicher K4</subfield>
			<subfield code="2">i</subfield>
			<subfield code="3">BOOK</subfield>
			<subfield code="4">01</subfield>
			<subfield code="5">Heimausleihe</subfield>
		</datafield>
		<datafield tag="949" ind1=" " ind2=" ">
			<subfield code="B">IDSLU</subfield>
			<subfield code="C">ILU50</subfield>
			<subfield code="D">ILU01</subfield>
			<subfield code="E">000230189</subfield>
			<subfield code="F">LUZHB</subfield>
			<subfield code="b">LUZHB</subfield>
			<subfield code="c">ZBAUS</subfield>
			<subfield code="j">A.a 8493</subfield>
			<subfield code="p">ILUM02089083</subfield>
			<subfield code="q">000230189</subfield>
			<subfield code="r">000010</subfield>
			<subfield code="0">Luzern ZHB - Sempacherstrasse</subfield>
			<subfield code="1">Aussenmagazin, bestellt bis 9.00/14.30: bereit ab 11.30 (Mo-Sa)/17.00 (Mo-Fr)</subfield>
			<subfield code="2">-</subfield>
			<subfield code="3">BOOK</subfield>
			<subfield code="4">01</subfield>
			<subfield code="5">Heimausleihe (4 Wochen)</subfield>
		</datafield>
		<datafield tag="949" ind1=" " ind2=" ">
			<subfield code="B">SGBN</subfield>
			<subfield code="C">SGB50</subfield>
			<subfield code="D">SGB01</subfield>
			<subfield code="E">000398766</subfield>
			<subfield code="F">SGKBV</subfield>
			<subfield code="b">SGKBV</subfield>
			<subfield code="c">KM</subfield>
			<subfield code="j">VE O 02.565</subfield>
			<subfield code="p">GM00157178</subfield>
			<subfield code="q">000393344</subfield>
			<subfield code="r">000010</subfield>
			<subfield code="0">KB St.Gallen Vadiana</subfield>
			<subfield code="1">Magazin</subfield>
			<subfield code="3">BOOK</subfield>
			<subfield code="4">01</subfield>
			<subfield code="5">ausleihbar</subfield>
		</datafield>
		<datafield tag="949" ind1=" " ind2=" ">
			<subfield code="B">SGBN</subfield>
			<subfield code="C">SGB50</subfield>
			<subfield code="D">SGB01</subfield>
			<subfield code="E">000398766</subfield>
			<subfield code="F">SGZFB</subfield>
			<subfield code="b">SGZFB</subfield>
			<subfield code="c">MZZB</subfield>
			<subfield code="j">SGZB 81 4226</subfield>
			<subfield code="p">SGZB024042</subfield>
			<subfield code="q">000393344</subfield>
			<subfield code="r">000020</subfield>
			<subfield code="0">SG Zentrum fuer d. Buch</subfield>
			<subfield code="1">Magazin SGZFB</subfield>
			<subfield code="3">BOOK</subfield>
			<subfield code="4">01</subfield>
			<subfield code="5">ausleihbar</subfield>
		</datafield>
	</record>