
	<record type="Bibliographic">
		<leader>     cam a22     4  4500</leader>
		<controlfield tag="001">269492259</controlfield>
		<controlfield tag="003">CHVBK</controlfield>
		<controlfield tag="005">20141229113943.0</controlfield>
		<controlfield tag="008">130817s1987    gw            01    ger  </controlfield>
		<datafield tag="020" ind1=" " ind2=" ">
			<subfield code="a">3-87118-849-2</subfield>
		</datafield>
		<datafield tag="035" ind1=" " ind2=" ">
			<subfield code="a">(LIBIB)000250599</subfield>
		</datafield>
		<datafield tag="035" ind1=" " ind2=" ">
			<subfield code="a">(RERO)1053182</subfield>
		</datafield>
		<datafield tag="035" ind1=" " ind2=" ">
			<subfield code="a">(NEBIS)003043295</subfield>
		</datafield>
		<datafield tag="035" ind1=" " ind2=" ">
			<subfield code="a">(SNL)vtls000913404</subfield>
		</datafield>
		<datafield tag="035" ind1=" " ind2=" ">
			<subfield code="a">(IDSBB)000384466</subfield>
		</datafield>
		<datafield tag="035" ind1=" " ind2=" ">
			<subfield code="a">(SBT)000452695</subfield>
		</datafield>
		<datafield tag="035" ind1=" " ind2=" ">
			<subfield code="a">(Sz)000913404</subfield>
		</datafield>
		<datafield tag="040" ind1=" " ind2=" ">
			<subfield code="a">LI-VaLIL FLLB</subfield>
		</datafield>
		<datafield tag="041" ind1="0" ind2=" ">
			<subfield code="a">ita</subfield>
			<subfield code="a">ger</subfield>
			<subfield code="a">fre</subfield>
		</datafield>
		<datafield tag="072" ind1=" " ind2="7">
			<subfield code="a">s1lg</subfield>
			<subfield code="2">rero</subfield>
		</datafield>
		<datafield tag="084" ind1=" " ind2=" ">
			<subfield code="a">IB 1030</subfield>
			<subfield code="2">rvk</subfield>
		</datafield>
		<datafield tag="084" ind1=" " ind2=" ">
			<subfield code="a">IB 1080</subfield>
			<subfield code="2">rvk</subfield>
		</datafield>
		<datafield tag="084" ind1=" " ind2=" ">
			<subfield code="a">IS 1160</subfield>
			<subfield code="2">rvk</subfield>
		</datafield>
		<datafield tag="091" ind1=" " ind2=" ">
			<subfield code="a">FL0013CF454D787679945C12571AA002E4CEF</subfield>
		</datafield>
		<datafield tag="245" ind1="0" ind2="0">
			<subfield code="a">Romania et Slavia Adriatica</subfield>
			<subfield code="b">Festschrift für Žarko Muljačić</subfield>
			<subfield code="c">hrsg. von Günter Holtus ... [et al.]</subfield>
		</datafield>
		<datafield tag="260" ind1=" " ind2=" ">
			<subfield code="a">Hamburg</subfield>
			<subfield code="b">Buske</subfield>
			<subfield code="c">1987</subfield>
		</datafield>
		<datafield tag="300" ind1=" " ind2=" ">
			<subfield code="a">535 S</subfield>
			<subfield code="b">Ill</subfield>
			<subfield code="c">25 cm</subfield>
		</datafield>
		<datafield tag="504" ind1=" " ind2=" ">
			<subfield code="a">Bibliogr.: Bibliogr. degli scritti di Žarko Muljačić : p. 11-41</subfield>
		</datafield>
		<datafield tag="650" ind1=" " ind2="7">
			<subfield code="a">langues romanes</subfield>
			<subfield code="x">langues slaves</subfield>
			<subfield code="z">Adriatique (région)</subfield>
			<subfield code="v">études diverses</subfield>
			<subfield code="2">chrero</subfield>
		</datafield>
		<datafield tag="650" ind1=" " ind2="7">
			<subfield code="a">langues romanes</subfield>
			<subfield code="z">Adriatique (région)</subfield>
			<subfield code="v">études diverses</subfield>
			<subfield code="2">chrero</subfield>
		</datafield>
		<datafield tag="650" ind1=" " ind2="7">
			<subfield code="a">langues slaves</subfield>
			<subfield code="z">Adriatique (région)</subfield>
			<subfield code="v">études diverses</subfield>
			<subfield code="2">chrero</subfield>
		</datafield>
		<datafield tag="650" ind1=" " ind2="7">
			<subfield code="a">Italienische Sprache</subfield>
			<subfield code="x">Kontrastive Untersuchungen</subfield>
			<subfield code="2">idsbb</subfield>
		</datafield>
		<datafield tag="650" ind1=" " ind2="7">
			<subfield code="a">Serbokroatische Sprache</subfield>
			<subfield code="x">Kontrastive Untersuchungen</subfield>
			<subfield code="2">idsbb</subfield>
		</datafield>
		<datafield tag="650" ind1=" " ind2="7">
			<subfield code="a">Dalmatisch</subfield>
			<subfield code="0">(DE-588)4268548-5</subfield>
			<subfield code="2">gnd</subfield>
		</datafield>
		<datafield tag="650" ind1=" " ind2="7">
			<subfield code="a">Istrisch</subfield>
			<subfield code="0">(DE-588)4273523-3</subfield>
			<subfield code="2">gnd</subfield>
		</datafield>
		<datafield tag="650" ind1=" " ind2="7">
			<subfield code="a">Italienisch</subfield>
			<subfield code="0">(DE-588)4114056-4</subfield>
			<subfield code="2">gnd</subfield>
		</datafield>
		<datafield tag="650" ind1=" " ind2="7">
			<subfield code="a">Romanische Sprachen</subfield>
			<subfield code="0">(DE-588)4115788-6</subfield>
			<subfield code="2">gnd</subfield>
		</datafield>
		<datafield tag="650" ind1=" " ind2="7">
			<subfield code="a">Romanistik</subfield>
			<subfield code="0">(DE-588)4050484-0</subfield>
			<subfield code="2">gnd</subfield>
		</datafield>
		<datafield tag="650" ind1=" " ind2="7">
			<subfield code="a">Slawische Sprachen</subfield>
			<subfield code="0">(DE-588)4120036-6</subfield>
			<subfield code="2">gnd</subfield>
		</datafield>
		<datafield tag="650" ind1=" " ind2="7">
			<subfield code="a">Sprachkontakt</subfield>
			<subfield code="0">(DE-588)4077723-6</subfield>
			<subfield code="2">gnd</subfield>
		</datafield>
		<datafield tag="650" ind1=" " ind2="7">
			<subfield code="a">Südslawische Sprachen</subfield>
			<subfield code="0">(DE-588)4120345-8</subfield>
			<subfield code="2">gnd</subfield>
		</datafield>
		<datafield tag="651" ind1=" " ind2="7">
			<subfield code="a">Levante</subfield>
			<subfield code="0">(DE-588)4196563-2</subfield>
			<subfield code="2">gnd</subfield>
		</datafield>
		<datafield tag="655" ind1=" " ind2="7">
			<subfield code="a">Aufsatzsammlung</subfield>
			<subfield code="2">gnd</subfield>
		</datafield>
		<datafield tag="655" ind1=" " ind2="7">
			<subfield code="a">Bibliographie</subfield>
			<subfield code="2">gnd</subfield>
		</datafield>
		<datafield tag="690" ind1=" " ind2="7">
			<subfield code="B">u</subfield>
			<subfield code="a">En; deutsche Sprache; Pisa; Kramer; Berkeley; Cagliari; Helsinki; Klagenfurt; Köln; Ljubljana; Cap; Chieti; Continua; Et; Gargano; Musikinstrument; San; Dogmengeschichte; Klassifikation; Sieg; Arbor; Blasco; Kahane; Dialekt; Mittelalter; Etymologie; Lexikografie; Morphologie; Phonetik; Franco; Kontakt; Lehre; Stellung; Roman; Schrift; Kalabrien; Element; Rohr; Syntax; Wort</subfield>
			<subfield code="2">ids J1</subfield>
		</datafield>
		<datafield tag="690" ind1=" " ind2="7">
			<subfield code="B">u</subfield>
			<subfield code="a">Bibliographia; Diglossia; Festschrift; Istro-Roman; OstEuropa; Sprachklassifikation; Sprachkontakt; Diasystem; Karl-Hermann; Lehngut; Schnittpunkt; Streiflicht</subfield>
			<subfield code="2">ids J2</subfield>
		</datafield>
		<datafield tag="690" ind1=" " ind2="7">
			<subfield code="B">u</subfield>
			<subfield code="a">albanischer Mundart; griechische Transkription; italienischer Mundart; italoromanischer Text; slavische Herkunft; slawisches Element; slawisches Lehngut</subfield>
			<subfield code="2">ids J3</subfield>
		</datafield>
		<datafield tag="690" ind1=" " ind2="7">
			<subfield code="B">u</subfield>
			<subfield code="a">Achillini teorico della; Alberto Zamboni; Alfredo Stussi; Analisi tipologica genetica della; Ann Arbor; Aproposito degli slavismidel Gargano; Bibliographia degli scritti di Zarko Muljacic; Carla Marcato; Christian Schmitt; Contatti tra friulano; Contributo della toponomastica problema; Dalla terminologia salinaria mediolatina; Degli scritti di Zarko; Della presenza slava nell; Di un elemento slavo; Eduardo Blasco Ferrer; Elementi lessicali romanzi nel; Enrico Rosamani; Ernst Pulgram; Espansione linguistica di Venezia; Etimologiche lessico istro; F. Achillini teorico della; Federico SpiEss TLugano; Finem Italiae Musiae fluvium; Franco Crevatin; Franco Fanciullo; Frangimento vocalico nel dalmatico; Frasi dipendenti performative nell; G. F. Achillini teorico della; Gaetano Berruto; Giorgio Colussi; Giovan Battista Mancarella; Giovan Battista Pellegrini; Giulio Lepschy; Giuseppe Francescato; Gustav Ineichen; Günter Holtus; Helmut SKE; Heinz Dieter Pohl; Henry; Italian parere apparire; Johannes Kramer; Jürgen Rolshoven; Karl-Hermann Körner; Lexik Phonetik Max Pfister; Manlio Cortelazzo; Maria Iliescu; Mario Alinei; Mario Doria; Michele Metzeltin; Nomi di famiglia Istria; Noterelle linguistiche bisiacche; Onomastik Marcello de Giovanni; Osservazioni sulla topbnomastica</subfield>
			<subfield code="2">ids J5</subfield>
		</datafield>
		<datafield tag="690" ind1=" " ind2="7">
			<subfield code="B">u</subfield>
			<subfield code="a">Slawistik / Fest- und Gedenkschriften</subfield>
			<subfield code="2">idszbz Z9</subfield>
		</datafield>
		<datafield tag="690" ind1=" " ind2="7">
			<subfield code="B">u</subfield>
			<subfield code="a">Sprachkontakt : Europa</subfield>
			<subfield code="2">idsuzh VH</subfield>
		</datafield>
		<datafield tag="690" ind1=" " ind2="7">
			<subfield code="B">u</subfield>
			<subfield code="a">Namenkunde</subfield>
			<subfield code="2">idsuzh VH</subfield>
		</datafield>
		<datafield tag="690" ind1=" " ind2="7">
			<subfield code="B">u</subfield>
			<subfield code="a">Sprachgeschichte : Romanisch</subfield>
			<subfield code="2">idsuzh VH</subfield>
		</datafield>
		<datafield tag="690" ind1=" " ind2="7">
			<subfield code="B">u</subfield>
			<subfield code="a">Dialekt und Standardsprache</subfield>
			<subfield code="2">idsuzh VH</subfield>
		</datafield>
		<datafield tag="691" ind1=" " ind2="7">
			<subfield code="B">u</subfield>
			<subfield code="u">81'286</subfield>
			<subfield code="a">Sprachgeografie</subfield>
			<subfield code="2">libib XD</subfield>
		</datafield>
		<datafield tag="691" ind1=" " ind2="7">
			<subfield code="B">u</subfield>
			<subfield code="u">811.131.1</subfield>
			<subfield code="a">Italienisch</subfield>
			<subfield code="2">libib XD</subfield>
		</datafield>
		<datafield tag="691" ind1=" " ind2="7">
			<subfield code="B">u</subfield>
			<subfield code="u">MI2-70</subfield>
			<subfield code="2">sbt TK</subfield>
		</datafield>
		<datafield tag="700" ind1="1" ind2=" ">
			<subfield code="a">Holtus</subfield>
			<subfield code="D">Günter</subfield>
		</datafield>
		<datafield tag="700" ind1="1" ind2=" ">
			<subfield code="a">Muljačić</subfield>
			<subfield code="D">Žarko</subfield>
		</datafield>
		<datafield tag="856" ind1=" " ind2=" ">
			<subfield code="a">http://doc1.lbfl.li</subfield>
			<subfield code="d">/aak</subfield>
			<subfield code="f">FLMA137756.pdf</subfield>
			<subfield code="u">http://doc1.lbfl.li/aak/FLMA137756.pdf</subfield>
			<subfield code="z">Inhaltsverzeichnis (pdf)</subfield>
			<subfield code="2">file</subfield>
			<subfield code="3">Inhaltsverzeichnis</subfield>
		</datafield>
		<datafield tag="908" ind1=" " ind2=" ">
			<subfield code="D">1</subfield>
			<subfield code="a">Festschrift = Mélanges</subfield>
		</datafield>
		<datafield tag="909" ind1=" " ind2="7">
			<subfield code="a">MedeaZBZ</subfield>
			<subfield code="2">idszbz ZR</subfield>
		</datafield>
		<datafield tag="909" ind1=" " ind2="7">
			<subfield code="a">bzcdemedea</subfield>
			<subfield code="2">sbt T9</subfield>
		</datafield>
		<datafield tag="912" ind1=" " ind2="7">
			<subfield code="a">sa</subfield>
			<subfield code="2">FL</subfield>
		</datafield>
		<datafield tag="912" ind1=" " ind2="7">
			<subfield code="a">ss</subfield>
		</datafield>
		<datafield tag="912" ind1=" " ind2="7">
			<subfield code="a">it</subfield>
		</datafield>
		<datafield tag="950" ind1=" " ind2=" ">
			<subfield code="B">LIBIB</subfield>
			<subfield code="P">700</subfield>
			<subfield code="E">1-</subfield>
			<subfield code="a">Holtus</subfield>
			<subfield code="D">Günter</subfield>
		</datafield>
		<datafield tag="950" ind1=" " ind2=" ">
			<subfield code="B">LIBIB</subfield>
			<subfield code="P">700</subfield>
			<subfield code="E">1-</subfield>
			<subfield code="a">Muljačić</subfield>
			<subfield code="D">Žarko</subfield>
		</datafield>
		<datafield tag="950" ind1=" " ind2=" ">
			<subfield code="B">LIBIB</subfield>
			<subfield code="P">856</subfield>
			<subfield code="E">--</subfield>
			<subfield code="a">http://doc1.lbfl.li</subfield>
			<subfield code="d">/aak</subfield>
			<subfield code="f">FLMA137756.pdf</subfield>
			<subfield code="u">http://doc1.lbfl.li/aak/FLMA137756.pdf</subfield>
			<subfield code="z">Inhaltsverzeichnis (pdf)</subfield>
			<subfield code="2">file</subfield>
			<subfield code="3">Inhaltsverzeichnis</subfield>
		</datafield>
		<datafield tag="950" ind1=" " ind2=" ">
			<subfield code="B">RERO</subfield>
			<subfield code="P">700</subfield>
			<subfield code="E">1-</subfield>
			<subfield code="a">Holtus</subfield>
			<subfield code="D">Günter</subfield>
		</datafield>
		<datafield tag="950" ind1=" " ind2=" ">
			<subfield code="B">RERO</subfield>
			<subfield code="P">700</subfield>
			<subfield code="E">1-</subfield>
			<subfield code="a">Muljačić</subfield>
			<subfield code="D">Žarko</subfield>
		</datafield>
		<datafield tag="950" ind1=" " ind2=" ">
			<subfield code="B">NEBIS</subfield>
			<subfield code="P">700</subfield>
			<subfield code="E">1-</subfield>
			<subfield code="a">Holtus</subfield>
			<subfield code="D">Günter</subfield>
		</datafield>
		<datafield tag="950" ind1=" " ind2=" ">
			<subfield code="B">NEBIS</subfield>
			<subfield code="P">700</subfield>
			<subfield code="E">1-</subfield>
			<subfield code="a">Muljačić</subfield>
			<subfield code="D">Žarko</subfield>
		</datafield>
		<datafield tag="950" ind1=" " ind2=" ">
			<subfield code="B">SNL</subfield>
			<subfield code="P">700</subfield>
			<subfield code="E">1-</subfield>
			<subfield code="a">Muljačić</subfield>
			<subfield code="D">Žarko</subfield>
		</datafield>
		<datafield tag="950" ind1=" " ind2=" ">
			<subfield code="B">SNL</subfield>
			<subfield code="P">700</subfield>
			<subfield code="E">1-</subfield>
			<subfield code="a">Kramer</subfield>
			<subfield code="D">Johannes</subfield>
		</datafield>
		<datafield tag="950" ind1=" " ind2=" ">
			<subfield code="B">SNL</subfield>
			<subfield code="P">700</subfield>
			<subfield code="E">1-</subfield>
			<subfield code="a">Holtus</subfield>
			<subfield code="D">Günter</subfield>
		</datafield>
		<datafield tag="950" ind1=" " ind2=" ">
			<subfield code="B">SNL</subfield>
			<subfield code="P">730</subfield>
			<subfield code="E">--</subfield>
			<subfield code="a">[Bibliographie</subfield>
			<subfield code="g">Muljačić, Žarko.]</subfield>
		</datafield>
		<datafield tag="950" ind1=" " ind2=" ">
			<subfield code="B">SNL</subfield>
			<subfield code="P">730</subfield>
			<subfield code="E">--</subfield>
			<subfield code="a">[Festschrift</subfield>
			<subfield code="g">Muljačić, Žarko.]</subfield>
		</datafield>
		<datafield tag="950" ind1=" " ind2=" ">
			<subfield code="B">IDSBB</subfield>
			<subfield code="P">700</subfield>
			<subfield code="E">1-</subfield>
			<subfield code="a">Holtus</subfield>
			<subfield code="D">Günter</subfield>
		</datafield>
		<datafield tag="950" ind1=" " ind2=" ">
			<subfield code="B">IDSBB</subfield>
			<subfield code="P">700</subfield>
			<subfield code="E">1-</subfield>
			<subfield code="a">Kramer</subfield>
			<subfield code="D">Johannes</subfield>
		</datafield>
		<datafield tag="950" ind1=" " ind2=" ">
			<subfield code="B">IDSBB</subfield>
			<subfield code="P">700</subfield>
			<subfield code="E">1-</subfield>
			<subfield code="a">Muljačić</subfield>
			<subfield code="D">Žarko</subfield>
		</datafield>
		<datafield tag="950" ind1=" " ind2=" ">
			<subfield code="B">SBT</subfield>
			<subfield code="P">700</subfield>
			<subfield code="E">1-</subfield>
			<subfield code="a">Holtus</subfield>
			<subfield code="D">Günter</subfield>
		</datafield>
		<datafield tag="950" ind1=" " ind2=" ">
			<subfield code="B">SBT</subfield>
			<subfield code="P">700</subfield>
			<subfield code="E">1-</subfield>
			<subfield code="a">Kramer</subfield>
			<subfield code="D">Johannes</subfield>
		</datafield>
		<datafield tag="950" ind1=" " ind2=" ">
			<subfield code="B">SBT</subfield>
			<subfield code="P">700</subfield>
			<subfield code="E">1-</subfield>
			<subfield code="a">Muljačić</subfield>
			<subfield code="D">Žarko</subfield>
		</datafield>
		<datafield tag="898" ind1=" " ind2=" ">
			<subfield code="a">BK020000</subfield>
			<subfield code="b">XK020000</subfield>
		</datafield>
		<datafield tag="898" ind1=" " ind2=" ">
			<subfield code="a">BK020400</subfield>
			<subfield code="b">XK020000</subfield>
		</datafield>
		<datafield tag="949" ind1=" " ind2=" ">
			<subfield code="B">SNL</subfield>
			<subfield code="E">vtls000913404</subfield>
			<subfield code="F">NB001</subfield>
			<subfield code="b">NB001</subfield>
			<subfield code="j">NG 31811</subfield>
			<subfield code="c">NB10010</subfield>
			<subfield code="p">1900836179</subfield>
			<subfield code="4">100</subfield>
		</datafield>
		<datafield tag="949" ind1=" " ind2=" ">
			<subfield code="B">NEBIS</subfield>
			<subfield code="C">UZH50</subfield>
			<subfield code="D">EBI01</subfield>
			<subfield code="E">003043295</subfield>
			<subfield code="F">UJUD</subfield>
			<subfield code="b">UJUD</subfield>
			<subfield code="j">Jud F 336</subfield>
			<subfield code="p">B462783</subfield>
			<subfield code="q">001200569</subfield>
			<subfield code="r">000020</subfield>
			<subfield code="0">UZH-JUD (Zürich)</subfield>
			<subfield code="2">0</subfield>
			<subfield code="3">BOOK</subfield>
			<subfield code="4">21</subfield>
			<subfield code="5">Präsenzbestand, keine Ausl</subfield>
		</datafield>
		<datafield tag="949" ind1=" " ind2=" ">
			<subfield code="B">NEBIS</subfield>
			<subfield code="C">UZH50</subfield>
			<subfield code="D">EBI01</subfield>
			<subfield code="E">003043295</subfield>
			<subfield code="F">UROSE</subfield>
			<subfield code="b">UROSE</subfield>
			<subfield code="j">RoSe Cy 33</subfield>
			<subfield code="p">UM1148688</subfield>
			<subfield code="q">001200569</subfield>
			<subfield code="r">000010</subfield>
			<subfield code="0">UZH-ROSE (Zürich)</subfield>
			<subfield code="2">0</subfield>
			<subfield code="3">BOOK</subfield>
			<subfield code="4">11</subfield>
			<subfield code="5">Ausleihe 4 Wochen</subfield>
		</datafield>
		<datafield tag="949" ind1=" " ind2=" ">
			<subfield code="B">NEBIS</subfield>
			<subfield code="C">ZAD50</subfield>
			<subfield code="D">EBI01</subfield>
			<subfield code="E">003043295</subfield>
			<subfield code="F">Z01</subfield>
			<subfield code="b">Z01</subfield>
			<subfield code="c">02</subfield>
			<subfield code="j">GH 232</subfield>
			<subfield code="p">ZM00758075</subfield>
			<subfield code="q">003043295</subfield>
			<subfield code="r">000010</subfield>
			<subfield code="0">ZB (Zürich)</subfield>
			<subfield code="1">Freihand 02</subfield>
			<subfield code="2">4</subfield>
			<subfield code="3">BOOK</subfield>
			<subfield code="4">11</subfield>
			<subfield code="5">Ausleihe 4 Wochen</subfield>
		</datafield>
		<datafield tag="949" ind1=" " ind2=" ">
			<subfield code="B">RERO</subfield>
			<subfield code="E">1053182</subfield>
			<subfield code="F">RE01010</subfield>
			<subfield code="b">RE01010</subfield>
			<subfield code="c">RE010100006</subfield>
			<subfield code="j">CDU 859.1(082)</subfield>
			<subfield code="s">TLB 10614</subfield>
			<subfield code="p">000229890</subfield>
		</datafield>
		<datafield tag="949" ind1=" " ind2=" ">
			<subfield code="B">RERO</subfield>
			<subfield code="E">1053182</subfield>
			<subfield code="F">RE61096</subfield>
			<subfield code="b">RE61096</subfield>
			<subfield code="c">RE610960045</subfield>
			<subfield code="j">11.1*Mélanges*MUL</subfield>
			<subfield code="s">BFLA 32937</subfield>
			<subfield code="p">1070283000</subfield>
		</datafield>
		<datafield tag="949" ind1=" " ind2=" ">
			<subfield code="B">IDSBB</subfield>
			<subfield code="C">DSV51</subfield>
			<subfield code="D">DSV01</subfield>
			<subfield code="E">000384466</subfield>
			<subfield code="F">A100</subfield>
			<subfield code="b">A100</subfield>
			<subfield code="c">100FM</subfield>
			<subfield code="j">Bi IX 4131</subfield>
			<subfield code="p">0UBU0186605</subfield>
			<subfield code="q">000384466</subfield>
			<subfield code="r">000010</subfield>
			<subfield code="x">Akz: 89760</subfield>
			<subfield code="0">Basel UB</subfield>
			<subfield code="1">Freihandmagazin</subfield>
			<subfield code="3">BOOK</subfield>
			<subfield code="4">11</subfield>
			<subfield code="5">Heimausleihe</subfield>
		</datafield>
		<datafield tag="949" ind1=" " ind2=" ">
			<subfield code="B">IDSBB</subfield>
			<subfield code="C">DSV51</subfield>
			<subfield code="D">DSV01</subfield>
			<subfield code="E">000384466</subfield>
			<subfield code="F">B400</subfield>
			<subfield code="b">B400</subfield>
			<subfield code="c">400H3</subfield>
			<subfield code="j">ZB Litt LII 8546</subfield>
			<subfield code="p">000775255</subfield>
			<subfield code="q">000384466</subfield>
			<subfield code="r">000020</subfield>
			<subfield code="x">Akz: be/stub/u</subfield>
			<subfield code="0">Bern UB ZB</subfield>
			<subfield code="1">vonRoll Speicher H3</subfield>
			<subfield code="3">BOOK</subfield>
			<subfield code="4">01</subfield>
			<subfield code="5">Heimausleihe</subfield>
		</datafield>
		<datafield tag="949" ind1=" " ind2=" ">
			<subfield code="B">IDSBB</subfield>
			<subfield code="C">DSV51</subfield>
			<subfield code="D">DSV01</subfield>
			<subfield code="E">000384466</subfield>
			<subfield code="F">B498</subfield>
			<subfield code="b">B498</subfield>
			<subfield code="c">498RF</subfield>
			<subfield code="j">RO I A 236</subfield>
			<subfield code="p">BM2791731</subfield>
			<subfield code="q">000384466</subfield>
			<subfield code="r">000030</subfield>
			<subfield code="x">REKATA1100401</subfield>
			<subfield code="0">Bern UB Romanistik</subfield>
			<subfield code="1">Romanische Philologie Freihandbereich</subfield>
			<subfield code="3">BOOK</subfield>
			<subfield code="4">50</subfield>
			<subfield code="5">Siehe Bibliothek: Info</subfield>
		</datafield>
		<datafield tag="949" ind1=" " ind2=" ">
			<subfield code="B">SBT</subfield>
			<subfield code="C">SBT51</subfield>
			<subfield code="D">SBT01</subfield>
			<subfield code="E">000452695</subfield>
			<subfield code="F">BZCDE</subfield>
			<subfield code="b">BZCDE</subfield>
			<subfield code="c">155</subfield>
			<subfield code="j">CDE MI2-70</subfield>
			<subfield code="p">TM0393479</subfield>
			<subfield code="q">000452695</subfield>
			<subfield code="r">000010</subfield>
			<subfield code="0">BZ-Centro dialett-etnografia</subfield>
			<subfield code="1">Livello 2</subfield>
			<subfield code="3">BOOK</subfield>
			<subfield code="4">21</subfield>
			<subfield code="5">Cons. in sede</subfield>
		</datafield>
		<datafield tag="949" ind1=" " ind2=" ">
			<subfield code="B">LIBIB</subfield>
			<subfield code="C">LLB50</subfield>
			<subfield code="D">LLB01</subfield>
			<subfield code="E">000250599</subfield>
			<subfield code="F">FLLB</subfield>
			<subfield code="b">FLLB</subfield>
			<subfield code="c">MA</subfield>
			<subfield code="j">PX 51140</subfield>
			<subfield code="p">FLMA137756</subfield>
			<subfield code="q">000250599</subfield>
			<subfield code="r">000010</subfield>
			<subfield code="0">Landesbibliothek</subfield>
			<subfield code="1">Aussenmagazin - Medien werden dienstags + freitags geholt</subfield>
			<subfield code="2">i</subfield>
			<subfield code="3">BOOK</subfield>
			<subfield code="4">01</subfield>
			<subfield code="5">ausleihbar Magazin</subfield>
		</datafield>
	</record>
</collection>